{"2018-01-31T00:00:00.000":{"Sales":280933.0},"2018-02-28T00:00:00.000":{"Sales":278908.0},"2018-03-31T00:00:00.000":{"Sales":380147.0},"2018-04-30T00:00:00.000":{"Sales":401495.0},"2018-05-31T00:00:00.000":{"Sales":463931.0},"2018-06-30T00:00:00.000":{"Sales":491230.0},"2018-07-31T00:00:00.000":{"Sales":457873.0},"2018-08-31T00:00:00.000":{"Sales":475743.0},"2018-09-30T00:00:00.000":{"Sales":372389.0},"2018-10-31T00:00:00.000":{"Sales":398514.0},"2018-11-30T00:00:00.000":{"Sales":351560.0},"2018-12-31T00:00:00.000":{"Sales":318968.0},"2019-01-31T00:00:00.000":{"Sales":258423.0},"2019-02-28T00:00:00.000":{"Sales":275445.0},"2019-03-31T00:00:00.000":{"Sales":353749.0},"2019-04-30T00:00:00.000":{"Sales":399583.0},"2019-05-31T00:00:00.000":{"Sales":466353.0},"2019-06-30T00:00:00.000":{"Sales":450392.0},"2019-07-31T00:00:00.000":{"Sales":464893.0},"2019-08-31T00:00:00.000":{"Sales":458605.0},"2019-09-30T00:00:00.000":{"Sales":390335.0},"2019-10-31T00:00:00.000":{"Sales":403660.0},"2019-11-30T00:00:00.000":{"Sales":342222.0},"2019-12-31T00:00:00.000":{"Sales":357764.0},"2020-01-31T00:00:00.000":{"Sales":287278.0},"2020-02-29T00:00:00.000":{"Sales":288301.0},"2020-03-31T00:00:00.000":{"Sales":360281.0},"2020-04-30T00:00:00.000":{"Sales":312921.0},"2020-05-31T00:00:00.000":{"Sales":306569.0},"2020-06-30T00:00:00.000":{"Sales":427709.0},"2020-07-31T00:00:00.000":{"Sales":510439.0},"2020-08-31T00:00:00.000":{"Sales":491604.0},"2020-09-30T00:00:00.000":{"Sales":495803.0},"2020-10-31T00:00:00.000":{"Sales":506822.0},"2020-11-30T00:00:00.000":{"Sales":432630.0},"2020-12-31T00:00:00.000":{"Sales":464601.0},"2021-01-31T00:00:00.000":{"Sales":344552.0},"2021-02-28T00:00:00.000":{"Sales":340622.0},"2021-03-31T00:00:00.000":{"Sales":463771.0},"2021-04-30T00:00:00.000":{"Sales":489868.0},"2021-05-31T00:00:00.000":{"Sales":494880.0},"2021-06-30T00:00:00.000":{"Sales":579637.0},"2021-07-31T00:00:00.000":{"Sales":542616.0},"2021-08-31T00:00:00.000":{"Sales":534119.0},"2021-09-30T00:00:00.000":{"Sales":499946.0},"2021-10-31T00:00:00.000":{"Sales":476773.0},"2021-11-30T00:00:00.000":{"Sales":458685.0},"2021-12-31T00:00:00.000":{"Sales":459540.0},"2022-01-31T00:00:00.000":{"Sales":345215.0},"2022-02-28T00:00:00.000":{"Sales":334447.0},"2022-03-31T00:00:00.000":{"Sales":441561.0},"2022-04-30T00:00:00.000":{"Sales":439319.0},"2022-05-31T00:00:00.000":{"Sales":464680.0},"2022-06-30T00:00:00.000":{"Sales":482675.0},"2022-07-31T00:00:00.000":{"Sales":412149.0},"2022-08-31T00:00:00.000":{"Sales":428785.0},"2022-09-30T00:00:00.000":{"Sales":379953.0},"2022-10-31T00:00:00.000":{"Sales":332027.0},"2022-11-30T00:00:00.000":{"Sales":286113.0},"2022-12-31T00:00:00.000":{"Sales":272462.0}}